<?xml version="1.0" encoding="UTF-8"?>
<record xmlns="http://www.loc.gov/MARC21/slim" xmlns:xsi="http://www.w3.org/2001/XMLSchema-instance" xsi:schemaLocation="http://www.loc.gov/MARC21/slim http://www.loc.gov/standards/marcxml/schema/MARC21slim.xsd">
<leader>00000cam a22      a 4500</leader>
<controlfield tag="001">001685132</controlfield>
<controlfield tag="003">NNU</controlfield>
<controlfield tag="005">20160210174715.0</controlfield>
<controlfield tag="008">850311m19691970iq       b    001 0 arar</controlfield>
<datafield tag="010" ind1=" " ind2=" ">
<subfield code="a">   74961758</subfield>
</datafield>
<datafield tag="035" ind1=" " ind2=" ">
<subfield code="a">(OCoLC)11789625</subfield>
</datafield>
<datafield tag="040" ind1=" " ind2=" ">
<subfield code="a">DLC</subfield>
<subfield code="b">eng</subfield>
<subfield code="c">TXQ</subfield>
<subfield code="d">TXQ</subfield>
<subfield code="d">OCLCQ</subfield>
<subfield code="d">ORZ</subfield>
<subfield code="d">OCLCF</subfield>
<subfield code="d">OCLCQ</subfield>
</datafield>
<datafield tag="043" ind1=" " ind2=" ">
<subfield code="a">a-iq---</subfield>
</datafield>
<datafield tag="050" ind1=" " ind2="4">
<subfield code="a">JQ1825.I7</subfield>
<subfield code="b">H35</subfield>
</datafield>
<datafield tag="050" ind1=" " ind2="4">
<subfield code="a">JQ1825.I78</subfield>
<subfield code="b">C74</subfield>
</datafield>
<datafield tag="050" ind1=" " ind2="4">
<subfield code="a">KPA.H345</subfield>
<subfield code="b">S531</subfield>
</datafield>
<datafield tag="100" ind1="1" ind2=" ">
<subfield code="6">880-01</subfield>
<subfield code="a">Ḥasanī, ʻAbbās.</subfield>
</datafield>
<datafield tag="245" ind1="1" ind2="0">
<subfield code="6">880-02</subfield>
<subfield code="a">Sharḥ qānūn al-ʻuqūbāt al-jadīd :</subfield>
<subfield code="b">majmūʻāt al-muḥāḍarāt allatī ulqiyat ʻalā ṭulāb al-Kullīyah al-ʻAskarīyah wa-Kullīyat Ḍubāṭ al-Iḥtiyāt wa-al-Shurṭah /</subfield>
<subfield code="c">ʻAbbās al-Ḥasanī.</subfield>
</datafield>
<datafield tag="246" ind1="1" ind2="4">
<subfield code="6">880-03</subfield>
<subfield code="a">Sharḥ qānūn al-ʻuqūbāt al-ʻIrāqī al-jadīd</subfield>
</datafield>
<datafield tag="260" ind1=" " ind2=" ">
<subfield code="6">880-04</subfield>
<subfield code="a">Baghdād :</subfield>
<subfield code="b">Maṭbaʻat al-Azhar,</subfield>
<subfield code="c">[1969-1970]</subfield>
</datafield>
<datafield tag="300" ind1=" " ind2=" ">
<subfield code="a">volumes ;</subfield>
<subfield code="c">24 cm</subfield>
</datafield>
<datafield tag="336" ind1=" " ind2=" ">
<subfield code="a">text</subfield>
<subfield code="b">txt</subfield>
<subfield code="2">rdacontent</subfield>
</datafield>
<datafield tag="337" ind1=" " ind2=" ">
<subfield code="a">unmediated</subfield>
<subfield code="b">n</subfield>
<subfield code="2">rdamedia</subfield>
</datafield>
<datafield tag="338" ind1=" " ind2=" ">
<subfield code="a">volume</subfield>
<subfield code="b">nc</subfield>
<subfield code="2">rdacarrier</subfield>
</datafield>
<datafield tag="504" ind1=" " ind2=" ">
<subfield code="a">Includes bibliographical references (v. 1, pages 370-380) and index.</subfield>
</datafield>
<datafield tag="505" ind1="0" ind2=" ">
<subfield code="6">880-05</subfield>
<subfield code="a">1. al-Qism al-ʻāmm -- 2. al-Qism al-khāṣṣ.</subfield>
</datafield>
<datafield tag="500" ind1=" " ind2=" ">
<subfield code="a">Cover title: شرح قانون العقوبات.</subfield>
</datafield>
<datafield tag="500" ind1=" " ind2=" ">
<subfield code="a">Vol. 2, published by مطبعة الارشاد, has cover title: شرح قانون العقوبات العراقي الجديد.</subfield>
</datafield>
<datafield tag="650" ind1=" " ind2="0">
<subfield code="a">Criminal law</subfield>
<subfield code="z">Iraq.</subfield>
</datafield>
<datafield tag="650" ind1=" " ind2="7">
<subfield code="a">Criminal law.</subfield>
<subfield code="2">fast</subfield>
<subfield code="0">(OCoLC)fst00883328</subfield>
</datafield>
<datafield tag="651" ind1=" " ind2="7">
<subfield code="a">Iraq.</subfield>
<subfield code="2">fast</subfield>
<subfield code="0">(OCoLC)fst01205757</subfield>
</datafield>
<datafield tag="710" ind1="1" ind2="2">
<subfield code="6">880-06</subfield>
<subfield code="a">Iraq.</subfield>
<subfield code="t">Qānūn al-ʻuqūbāt.</subfield>
</datafield>
<datafield tag="880" ind1="1" ind2=" ">
<subfield code="6">100-01/</subfield>
<subfield code="a">الحسني، عباس.</subfield>
</datafield>
<datafield tag="880" ind1="1" ind2="0">
<subfield code="6">245-02/</subfield>
<subfield code="a">شرح قانون العقوبات الجديد :</subfield>
<subfield code="b">مجموعة المحاضرات التي القية على طلاب الكلية العسكرية وكلية ضباط الاحتياط والشرطة /</subfield>
<subfield code="c">عباس الحسني.</subfield>
</datafield>
<datafield tag="880" ind1="1" ind2="4">
<subfield code="6">246-03/</subfield>
<subfield code="a">شرح قانون العقوبات العراقي الجديد</subfield>
</datafield>
<datafield tag="880" ind1=" " ind2=" ">
<subfield code="6">260-04/</subfield>
<subfield code="a">بغداد :</subfield>
<subfield code="b">مطبعة الازهر،</subfield>
<subfield code="c">[1969-1970]</subfield>
</datafield>
<datafield tag="880" ind1="0" ind2=" ">
<subfield code="6">505-05/</subfield>
<subfield code="a">1. القسم العام 2. القسم الخاص.</subfield>
</datafield>
<datafield tag="880" ind1="1" ind2="2">
<subfield code="6">710-06/</subfield>
<subfield code="a">عراق.</subfield>
<subfield code="t">قانون العقوبات.</subfield>
</datafield>
<datafield tag="OWN" ind1=" " ind2=" ">
<subfield code="a">GENERAL</subfield>
</datafield>
<datafield tag="AVA" ind1=" " ind2=" ">
<subfield code="a">NYU50</subfield>
<subfield code="b">BOBST</subfield>
<subfield code="c">Main Collection</subfield>
<subfield code="d">JQ1825.I7 H35</subfield>
<subfield code="e">unavailable</subfield>
<subfield code="t">Unavailable</subfield>
<subfield code="f">1</subfield>
<subfield code="g">1</subfield>
<subfield code="h">Y</subfield>
<subfield code="i">0</subfield>
<subfield code="j">MAIN</subfield>
<subfield code="k">0</subfield>
</datafield>
</record>
